
@article{Audio2Score,
  url     = {http://dx.doi.org/10.1017/ATSIP.2021.4},
  year    = {2021},
  volume  = {10},
  journal = {APSIPA Transactions on Signal and Information Processing},
  title   = {Audio-to-score singing transcription based on a CRNN-HSMM hybrid model},
  doi     = {10.1017/ATSIP.2021.4},
  issn    = {2048-7703},
  number  = {1},
  pages   = {-},
  author  = {Ryo Nishikimi and Eita Nakamura and Masataka Goto and Kazuyoshi Yoshii}
}

@article{BayesianAST,
  author  = {Nishikimi, Ryo and Nakamura, Eita and Goto, Masataka and Itoyama, Katsutoshi and Yoshii, Kazuyoshi},
  journal = {IEEE/ACM Transactions on Audio, Speech, and Language Processing},
  title   = {Bayesian Singing Transcription Based on a Hierarchical Generative Model of Keys, Musical Notes, and F0 Trajectories},
  year    = {2020},
  volume  = {28},
  number  = {},
  pages   = {1678-1691},
  doi     = {10.1109/TASLP.2020.2996095}
}

@misc{CMUDict,
  author = {CMU},
  year   = {2023},
  title  = {CMU Pronouncing Dictionary},
  url    = {http://www.speech.cs.cmu.edu/cgi-bin/cmudict}
}

@inproceedings{CSD,
  title     = {Children's Song Dataset for Singing Voice Research},
  author    = {Soonbeom Choi and Wonil Kim and Saebyul Park and Sangeon Yong and Juhan Nam},
  booktitle = {KAIST},
  year      = {2020},
  url       = {https://api.semanticscholar.org/CorpusID:244992211}
}

@article{CTC,
  author  = {Hannun, Awni},
  title   = {Sequence Modeling with CTC},
  journal = {Distill},
  year    = {2017},
  note    = {https://distill.pub/2017/ctc},
  doi     = {10.23915/distill.00008}
}

@inproceedings{DALI,
  author    = {Meseguer-Brocal, Gabriel and Cohen-Hadria, Alice and Peeters, Geoffroy},
  booktitle = {19th International Society for Music Information Retrieval Conference},
  editor    = {ISMIR},
  month     = {September},
  title     = {DALI: a large Dataset of synchronized Audio, LyrIcs and notes, automatically created using teacher-student machine learning paradigm.},
  year      = {2018}
}

@misc{DAMP,
  title  = {DAMP-MVP: Digital Archive of Mobile Performances - Smule Multilingual Vocal Performance 300x30x2},
  author = {Smule, Inc.},
  year   = {2018},
  url    = {https://zenodo.org/records/2747436}
}

@inproceedings{Demucs,
  title     = {Hybrid Transformers for Music Source Separation},
  author    = {Rouard, Simon and Massa, Francisco and D{\'e}fossez, Alexandre},
  booktitle = {ICASSP 23},
  year      = {2023}
}

@inproceedings{DrumsStudentTeacher,
  author = {Wu, Chih-Wei and Lerch, Alexander},
  year   = {2017},
  month  = {10},
  pages  = {},
  title  = {Automatic Drum Transcription Using the Student-teacher Learning Paradigm with Unlabeled Music Data}
}

@inproceedings{FMA,
  title         = {{FMA}: A Dataset for Music Analysis},
  author        = {Defferrard, Micha\"el and Benzi, Kirell and Vandergheynst, Pierre and Bresson, Xavier},
  booktitle     = {18th International Society for Music Information Retrieval Conference (ISMIR)},
  year          = {2017},
  archiveprefix = {arXiv},
  eprint        = {1612.01840},
  url           = {https://arxiv.org/abs/1612.01840}
}

@misc{gumbelSoftmax,
  title         = {Categorical Reparameterization with Gumbel-Softmax},
  author        = {Eric Jang and Shixiang Gu and Ben Poole},
  year          = {2017},
  eprint        = {1611.01144},
  archiveprefix = {arXiv},
  primaryclass  = {stat.ML}
}

@inproceedings{Hansen,
  title  = {Recognition Of Phonemes In A-Cappella Recordings Using Temporal Patterns And Mel Frequency Cepstral Coefficients},
  author = {Jens Kofod Hansen},
  year   = {2012},
  url    = {https://api.semanticscholar.org/CorpusID:37419482}
}

@misc{JamendoLyrics,
  title         = {End-to-end Lyrics Alignment for Polyphonic Music Using an Audio-to-Character Recognition Model},
  author        = {Daniel Stoller and Simon Durand and Sebastian Ewert},
  year          = {2019},
  eprint        = {1902.06797},
  archiveprefix = {arXiv},
  primaryclass  = {cs.SD}
}

@inproceedings{KaraokeApp,
  title     = {Singing voice detection for karaoke application},
  author    = {Arun Shenoy and Yuansheng Wu and Ye Wang},
  booktitle = {Visual Communications and Image Processing},
  year      = {2005},
  url       = {https://api.semanticscholar.org/CorpusID:2889745}
}

@inproceedings{Librispeech,
  author    = {Panayotov, Vassil and Chen, Guoguo and Povey, Daniel and Khudanpur, Sanjeev},
  booktitle = {2015 IEEE International Conference on Acoustics, Speech and Signal Processing (ICASSP)},
  title     = {Librispeech: An ASR corpus based on public domain audio books},
  year      = {2015},
  volume    = {},
  number    = {},
  pages     = {5206-5210},
  doi       = {10.1109/ICASSP.2015.7178964}
}

@inproceedings{LyricAlignAcoustic,
  author    = {Sharma, Bidisha and Gupta, Chitralekha and Li, Haizhou and Wang, Ye},
  booktitle = {ICASSP 2019 - 2019 IEEE International Conference on Acoustics, Speech and Signal Processing (ICASSP)},
  title     = {Automatic Lyrics-to-audio Alignment on Polyphonic Music Using Singing-adapted Acoustic Models},
  year      = {2019},
  volume    = {},
  number    = {},
  pages     = {396-400},
  doi       = {10.1109/ICASSP.2019.8682582}
}

@online{MFCC,
  author = {Raissi, Maziar},
  title  = {Mel-Spectrogram and MFCCs},
  year   = {2021},
  url    = {https://www.youtube.com/watch?v=hF72sY70_IQ}
}

@misc{mirex2021,
  title  = {2021:Automatic Lyrics Transcription},
  author = {MIREX},
  year   = {2021},
  url    = {https://music-ir.org/mirex/wiki/2021:Automatic_Lyrics_Transcription}
}


@misc{musdb18,
  author = {Rafii, Zafar and Liutkus, Antoine and Fabian-Robert St{\"o}ter and Mimilakis, Stylianos Ioannis and Bittner, Rachel},
  title  = {The {MUSDB18} corpus for music separation},
  year   = {2017},
  doi    = {10.5281/zenodo.1117372},
  url    = {https://doi.org/10.5281/zenodo.1117372}
}

@inproceedings{NUSDataset,
  author    = {Duan, Zhiyan and Fang, Haotian and Li, Bo and Sim, Khe Chai and Wang, Ye},
  booktitle = {2013 Asia-Pacific Signal and Information Processing Association Annual Summit and Conference},
  title     = {The NUS sung and spoken lyrics corpus: A quantitative comparison of singing and speech},
  year      = {2013},
  volume    = {},
  number    = {},
  pages     = {1-9},
  doi       = {10.1109/APSIPA.2013.6694316}
}

@inproceedings{PhonationMode,
  author    = {Wang, Yixin and Wei, Wei and Wang, Ye},
  booktitle = {ICASSP 2023 - 2023 IEEE International Conference on Acoustics, Speech and Signal Processing (ICASSP)},
  title     = {Phonation Mode Detection in Singing: A Singer Adapted Model},
  year      = {2023},
  volume    = {},
  number    = {},
  pages     = {1-5},
  doi       = {10.1109/ICASSP49357.2023.10095669}
}

@inproceedings{PhonemeInformed,
  author    = {Yong, Sangeon and Su, Li and Nam, Juhan},
  booktitle = {ICASSP 2023 - 2023 IEEE International Conference on Acoustics, Speech and Signal Processing (ICASSP)},
  title     = {A Phoneme-Informed Neural Network Model For Note-Level Singing Transcription},
  year      = {2023},
  volume    = {},
  number    = {},
  pages     = {1-5},
  doi       = {10.1109/ICASSP49357.2023.10096707}
}

@unknown{SemiSupervisedSolo,
  author = {Gupta, Chitralekha and Tong, Rong and Li, Haizhou and Wang, Ye},
  year   = {2018},
  month  = {07},
  pages  = {},
  title  = {Semi-supervised lyrics and solo-singing alignment}
}

@inproceedings{SongifiedSpeech,
  author = {Kruspe, Anna},
  year   = {2015},
  month  = {01},
  pages  = {},
  title  = {Training phoneme models for singing with "songified" speech data}
}

@inproceedings{SpecAugment,
  title      = {SpecAugment: A Simple Data Augmentation Method for Automatic Speech Recognition},
  url        = {http://dx.doi.org/10.21437/Interspeech.2019-2680},
  doi        = {10.21437/interspeech.2019-2680},
  booktitle  = {Interspeech 2019},
  publisher  = {ISCA},
  author     = {Park, Daniel S. and Chan, William and Zhang, Yu and Chiu, Chung-Cheng and Zoph, Barret and Cubuk, Ekin D. and Le, Quoc V.},
  year       = {2019},
  collection = {interspeech_2019}
}


@misc{TeacherStudent,
  title         = {Modeling Teacher-Student Techniques in Deep Neural Networks for Knowledge Distillation},
  author        = {Sajjad Abbasi and Mohsen Hajabdollahi and Nader Karimi and Shadrokh Samavi},
  year          = {2019},
  eprint        = {1912.13179},
  archiveprefix = {arXiv},
  primaryclass  = {cs.CV}
}

@inproceedings{tedlium3,
  author    = {Hernandez, Fran{\c{c}}ois
               and Nguyen, Vincent
               and Ghannay, Sahar
               and Tomashenko, Natalia
               and Est{\`e}ve, Yannick},
  title     = {TED-LIUM 3: Twice as Much Data and Corpus Repartition for Experiments on Speaker Adaptation},
  booktitle = {Speech and Computer},
  year      = {2018},
  publisher = {Springer International Publishing},
  pages     = {198--208}
}

@misc{TIMIT,
  author = {Garofolo, John S. and Lamel, Lori F. and Fisher, William M. and Fiscus, Jonathan G. and Pallett, David S. and Dahlgren, Nancy L. and Zue, Victor Zue.},
  year   = {1993},
  pages  = {},
  title  = {Semi-supervised lyrics and solo-singing alignment}
}

@inproceedings{VocalSet,
  title     = {VocalSet: A Singing Voice Dataset},
  author    = {Julia Wilkins and Prem Seetharaman and Alison Wahl and Bryan Pardo},
  booktitle = {International Society for Music Information Retrieval Conference},
  year      = {2018},
  url       = {https://api.semanticscholar.org/CorpusID:53875542}
}

@misc{wav2vec,
  title         = {wav2vec 2.0: A Framework for Self-Supervised Learning of Speech Representations},
  author        = {Alexei Baevski and Henry Zhou and Abdelrahman Mohamed and Michael Auli},
  year          = {2020},
  eprint        = {2006.11477},
  archiveprefix = {arXiv},
  primaryclass  = {cs.CL}
}

@misc{wav2vecTransfer,
  title         = {Transfer Learning of wav2vec 2.0 for Automatic Lyric Transcription},
  author        = {Longshen Ou and Xiangming Gu and Ye Wang},
  year          = {2022},
  eprint        = {2207.09747},
  archiveprefix = {arXiv},
  primaryclass  = {eess.AS}
}

@misc{whisper,
  title         = {Robust Speech Recognition via Large-Scale Weak Supervision},
  author        = {Alec Radford and Jong Wook Kim and Tao Xu and Greg Brockman and Christine McLeavey and Ilya Sutskever},
  year          = {2022},
  eprint        = {2212.04356},
  archiveprefix = {arXiv},
  primaryclass  = {eess.AS}
}

@article{whisperX,
  title   = {WhisperX: Time-Accurate Speech Transcription of Long-Form Audio},
  author  = {Bain, Max and Huh, Jaesung and Han, Tengda and Zisserman, Andrew},
  journal = {INTERSPEECH 2023},
  year    = {2023}
}